@book{Cox01,
    title     = {Principles of Biochemistry},
    author    = {D. L. Nelson and M. M. Cox},
    publisher = {W.H. Freeman and Company},
    address   = {New York, USA},
    edition   = {5},
    year      = {2008},
}

@book{Witten01,
    title     = {DATA MINING Practical Machine Learning Tools and Techniques},
    author    = {I. H. Witten and E. Frank and M. A. Hall and C. J. Pal},
    publisher = {Morgan Kaufmann},
    address   = {Cambridge, USA},
    edition   = {4},
    year      = {2016},
}

@book{Brown01,
    title     = {Genomes},
    author    = {T. A. Brown},
    publisher = {Wiley-Liss},
    address   = {New York, USA},
    edition   = {2},
    year      = {2002},
}

@book{Quinlan01,
    title     = {C4.5: Programs for Machine Learning},
    author    = {J. R. Quinlan},
    publisher = {Morgan Kaufmann},
    address   = {San Mateo, CA, USA},
    edition   = {1},
    year      = {1993},
}

@book{Berg01,
    title     = {Biokemija},
    author    = {J. M. Berg and J. L. Tymoczko and L. Stryer},
    publisher = {Školska knjiga},
    address   = {Zagreb, Hrvatska},
    edition   = {6},
    year      = {2013},
}

@book{Goodfellow01,
    title     = {Deep Learning},
    author    = {I. Goodfellow and Y. Bengio and A. Courville},
    publisher = {MIT Press},
    edition   = {1},
    year      = {2016},
}

@incollection{Samp05,
    author    = {M. P. Sampat and M. K. Markey and A. C. Bovik},
    editor    = {A.C. Bovik}, 
    booktitle = {Handbook of Image and Video Processing}, 
    title     = {{Computer-Aided Detection and Diagnosis in Mammography}},
    pages     = {1195-1217}, 
    publisher = {Elsevier Academic Press}, 
    year      = {2005},
    address   = {Amsterdam},
}

@article{Shannon01,
    author  = {Shannon,C. E.},
    title   = {{A Mathematical Theory of Communication}},
    journal = {Bell System Technical Journal},
    volume  = {27},
    number  = {4},
    pages   = {623-656},
    year    = {1948},
    month   = {listopad},
}

@article{Watson01,
    author  = {Watson,J. D. and Crick,F. H. C.},
    title   = {{Molecular structure of nucleic acids: A structure for deoxyribose nucleic acid}},
    journal = {Nature},
    volume  = {171},
    number  = {4536},
    pages   = {737-738},
    year    = {1953},
    month   = {travanj},
        }

@article{Quinlan02,
    author  = {J. R. Quinlan},
    title   = {{Induction of Decision Trees}},
    journal = {Machine Learning},
    volume  = {1},
    number  = {1},
    pages   = {81-106},
    year    = {1986},
    month   = {ožujak},
}

@article{Wu01,
    author  = {Wu,X. and Kumar,V. and Ross,Q. J. and Ghosh,J. and Yang,Q. and Motoda,H. and McLachlan,G. J. and Ng,A. and Liu,B. and Yu,P. S. and Zhou,Z. -. and Steinbach,M. and Hand,D. J. and Steinberg,D.},
    title   = {{Top 10 algorithms in data mining}},
    journal = {Knowledge and Information Systems},
    volume  = {14},
    number  = {1},
    pages   = {1-37},
    year    = {2008},
    month   = {siječanj},
}

@article{Pedregosa01,
 title={Scikit-learn: Machine Learning in {P}ython},
 author={Pedregosa, F. and Varoquaux, G. and Gramfort, A. and Michel, V.
         and Thirion, B. and Grisel, O. and Blondel, M. and Prettenhofer, P.
         and Weiss, R. and Dubourg, V. and Vanderplas, J. and Passos, A. and
         Cournapeau, D. and Brucher, M. and Perrot, M. and Duchesnay, E.},
 journal={Journal of Machine Learning Research},
 volume={12},
 pages={2825-2830},
 year={2011}
}

@conference{Li01,
    author  = {J. Li and L. Wong},
    title   = {{Using Rules to Analyse Bio-medical Data: A Comparison between C4.5 and PCL}},
    booktitle = {Advances in Web-Age Information Management},
    address = {Berlin, Heidelberg}
    pages   = {254-265},
    year    = {2003},
}
@conference{McKinney01,
    author    = {W. McKinney},
    title     = {{Data Structures for Statistical Computing in Python}},
    booktitle = {{Proceedings of the 9th Python in Science Conference}},
    address   = {Austin, TX, USA},
    pages     = {51-56},
    year      = {2010},
    month     = {srpanj},
}

@conference{Grabczewski01,
    author={K. Grabczewski and N. Jankowski}, 
    title={Feature selection with decision tree criterion}, 
    booktitle={Fifth International Conference on Hybrid Intelligent Systems (HIS'05)}, 
    year={2005}, 
    volume={}, 
    number={}, 
    pages={6 pp.-},
    month={studeni},
}

@booklet{Grubi01,
    author  = {A. Grubišić},
    title   = {{Hi-kvadrat test i njegove primjene}},
    year    = {2004}, 
    note  = {Seminarski rad, Fakultet elektrotehnike i računarstva},
    address = {Zagreb},  
}

@Manual{Weka01,
       title        = {{The Weka Workbench. Online Appendix for "Data Mining: Practical Machine Learning Tools and Techniques"}},
       author       = {{E. Frank and M. A. Hall and I. H. Witten}},
       publisher    = {Morgan Kaufman},
       edition      = {4},
       year         = {2016},
}


